<?xml version="1.0" encoding="utf-8"?>
<Document xmlns:xsi="http://www.w3.org/2001/XMLSchema-instance" xmlns:xsd="http://www.w3.org/2001/XMLSchema" xmlns="urn:iso:std:iso:20022:tech:xsd:pain.008.001.02">
  <CstmrDrctDbtInitn>
    <GrpHdr>
      <MsgId>PREG1234567815011007:15:00</MsgId>
      <CreDtTm>2015-01-10T07:15:00</CreDtTm>
      <NbOfTxs>2</NbOfTxs>
      <CtrlSum>237.00</CtrlSum>
      <InitgPty>
        <Nm>NOMBRE ACREEDOR PRUEBAS</Nm>
        <Id>
          <OrgId>
            <Othr>
              <Id>ES26011G12345678</Id>
              <SchmeNm>
                <Prtry>SEPA</Prtry>
              </SchmeNm>
            </Othr>
          </OrgId>
        </Id>
      </InitgPty>
    </GrpHdr>
    <PmtInf>
      <PmtInfId>PREG1234567815011007:15:00-01</PmtInfId>
      <PmtMtd>DD</PmtMtd>
      <NbOfTxs>2</NbOfTxs>
      <CtrlSum>237.00</CtrlSum>
      <PmtTpInf>
        <SvcLvl>
          <Cd>SEPA</Cd>
        </SvcLvl>
        <LclInstrm>
          <Cd>CORE</Cd>
        </LclInstrm>
        <SeqTp>RCUR</SeqTp>
        <CtgyPurp>
          <Cd>TRAD</Cd>
        </CtgyPurp>
      </PmtTpInf>
      <ReqdColltnDt>2015-01-15</ReqdColltnDt>
      <Cdtr>
        <Nm>NOMBRE ACREEDOR PRUEBAS</Nm>
      </Cdtr>
      <CdtrAcct>
        <Id>
          <IBAN>ES5621001111301111111111</IBAN>
        </Id>
      </CdtrAcct>
      <CdtrAgt>
        <FinInstnId>
          <BIC>CAIXESBBXXX</BIC>
        </FinInstnId>
      </CdtrAgt>
      <ChrgBr>SLEV</ChrgBr>
      <CdtrSchmeId>
        <Id>
          <OrgId>
            <Othr>
              <Id>ES26011G12345678</Id>
              <SchmeNm>
                <Prtry>SEPA</Prtry>
              </SchmeNm>
            </Othr>
          </OrgId>
        </Id>
      </CdtrSchmeId>
      <DrctDbtTxInf>
        <PmtId>
          <InstrId>PREG1234567815011007:15:00-0100001</InstrId>
          <EndToEndId>PREG1234567815011007:15:00-0100001</EndToEndId>
        </PmtId>
        <InstdAmt Ccy="EUR">79.00</InstdAmt>
        <DrctDbtTx>
          <MndtRltdInf>
            <MndtId>000001101234</MndtId>
            <DtOfSgntr>2013-11-11</DtOfSgntr>
          </MndtRltdInf>
        </DrctDbtTx>
        <DbtrAgt>
          <FinInstnId>
            <BIC>CAIXESBBXXX</BIC>
          </FinInstnId>
        </DbtrAgt>
        <Dbtr>
          <Nm>Francisco Gómez-Caldito Viseas</Nm>
        </Dbtr>
        <DbtrAcct>
          <Id>
            <IBAN>ES8721002222002222222222</IBAN>
          </Id>
        </DbtrAcct>
        <RmtInf>
          <Ustrd>Cuota Social Octubre 2014 --- 79,00</Ustrd>
        </RmtInf>
      </DrctDbtTxInf>
      <DrctDbtTxInf>
        <PmtId>
          <InstrId>PREG1234567815011007:15:00-0100002</InstrId>
          <EndToEndId>PREG1234567815011007:15:00-0100002</EndToEndId>
        </PmtId>
        <InstdAmt Ccy="EUR">158.00</InstdAmt>
        <DrctDbtTx>
          <MndtRltdInf>
            <MndtId>000001101235</MndtId>
            <DtOfSgntr>2013-11-11</DtOfSgntr>
          </MndtRltdInf>
        </DrctDbtTx>
        <DbtrAgt>
          <FinInstnId>
            <BIC>CAIXESBBXXX</BIC>
          </FinInstnId>
        </DbtrAgt>
        <Dbtr>
          <Nm>Pedro Pérez Gómez</Nm>
        </Dbtr>
        <DbtrAcct>
          <Id>
            <IBAN>ES3821003333802222222222</IBAN>
          </Id>
        </DbtrAcct>
        <RmtInf>
          <Ustrd>Cuota Social Octubre 2014 --- 79,00; Cuota Social Noviembre 2014 --- 79,00</Ustrd>
        </RmtInf>
      </DrctDbtTxInf>
    </PmtInf>
  </CstmrDrctDbtInitn>
</Document>