<?xml version="1.0" encoding="utf-8"?>
<Document xmlns:xsi="http://www.w3.org/2001/XMLSchema-instance" xmlns:xsd="http://www.w3.org/2001/XMLSchema" xmlns="urn:iso:std:iso:20022:tech:xsd:pain.008.001.02">
  <CstmrDrctDbtInitn>
    <GrpHdr>
      <MsgId>PREG1234567815011007:15:00</MsgId>
      <CreDtTm>2015-01-10T07:15:00</CreDtTm>
      <NbOfTxs>4</NbOfTxs>
      <CtrlSum>395.50</CtrlSum>
      <InitgPty>
        <Nm>NOMBRE ACREEDOR PRUEBAS</Nm>
        <Id>
          <OrgId>
            <Othr>
              <Id>ES26011G12345678</Id>
            </Othr>
          </OrgId>
        </Id>
      </InitgPty>
    </GrpHdr>
    <PmtInf>
      <PmtInfId>PREG1234567815011007:15:00-01</PmtInfId>
      <PmtMtd>DD</PmtMtd>
      <NbOfTxs>3</NbOfTxs>
      <CtrlSum>316.00</CtrlSum>
      <PmtTpInf>
        <SvcLvl>
          <Cd>SEPA</Cd>
        </SvcLvl>
        <LclInstrm>
          <Cd>CORE</Cd>
        </LclInstrm>
        <SeqTp>RCUR</SeqTp>
        <CtgyPurp>
          <Cd>TRAD</Cd>
        </CtgyPurp>
      </PmtTpInf>
      <ReqdColltnDt>2015-01-15</ReqdColltnDt>
      <Cdtr>
        <Nm>NOMBRE ACREEDOR PRUEBAS</Nm>
      </Cdtr>
      <CdtrAcct>
        <Id>
          <IBAN>ES5621001111301111111111</IBAN>
        </Id>
      </CdtrAcct>
      <CdtrAgt>
        <FinInstnId>
          <BIC>CAIXESBBXXX</BIC>
        </FinInstnId>
      </CdtrAgt>
      <ChrgBr>SLEV</ChrgBr>
      <CdtrSchmeId>
        <Id>
          <PrvtId>
            <Othr>
              <Id>ES26011G12345678</Id>
              <SchmeNm>
                <Prtry>SEPA</Prtry>
              </SchmeNm>
            </Othr>
          </PrvtId>
        </Id>
      </CdtrSchmeId>
      <DrctDbtTxInf>
        <PmtId>
          <InstrId>PREG1234567815011007:15:00-0100001</InstrId>
          <EndToEndId>PREG1234567815011007:15:00-0100001</EndToEndId>
        </PmtId>
        <InstdAmt Ccy="EUR">79.00</InstdAmt>
        <DrctDbtTx>
          <MndtRltdInf>
            <MndtId>000001101234</MndtId>
            <DtOfSgntr>2013-11-11</DtOfSgntr>
          </MndtRltdInf>
        </DrctDbtTx>
        <DbtrAgt>
          <FinInstnId>
            <BIC>CAIXESBBXXX</BIC>
          </FinInstnId>
        </DbtrAgt>
        <Dbtr>
          <Nm>Francisco Gómez-Caldito Viseas</Nm>
        </Dbtr>
        <DbtrAcct>
          <Id>
            <IBAN>ES8721002222002222222222</IBAN>
          </Id>
        </DbtrAcct>
        <RmtInf>
          <Ustrd>Cuota Social Octubre 2014 --- 79,00</Ustrd>
        </RmtInf>
      </DrctDbtTxInf>
      <DrctDbtTxInf>
        <PmtId>
          <InstrId>PREG1234567815011007:15:00-0100002</InstrId>
          <EndToEndId>PREG1234567815011007:15:00-0100002</EndToEndId>
        </PmtId>
        <InstdAmt Ccy="EUR">158.00</InstdAmt>
        <DrctDbtTx>
          <MndtRltdInf>
            <MndtId>000001101235</MndtId>
            <DtOfSgntr>2013-11-11</DtOfSgntr>
            <AmdmntInd>true</AmdmntInd>
            <AmdmntInfDtls>
              <OrgnlMndtId>000001101000</OrgnlMndtId>
            </AmdmntInfDtls>
          </MndtRltdInf>
        </DrctDbtTx>
        <DbtrAgt>
          <FinInstnId>
            <BIC>CAIXESBBXXX</BIC>
          </FinInstnId>
        </DbtrAgt>
        <Dbtr>
          <Nm>Pedro Pérez Gómez</Nm>
        </Dbtr>
        <DbtrAcct>
          <Id>
            <IBAN>ES3821003333802222222222</IBAN>
          </Id>
        </DbtrAcct>
        <RmtInf>
          <Ustrd>Cuota Social Octubre 2014 --- 79,00; Cuota Social Noviembre 2014 --- 79,00</Ustrd>
        </RmtInf>
      </DrctDbtTxInf>
      <DrctDbtTxInf>
        <PmtId>
          <InstrId>PREG1234567815011007:15:00-0100003</InstrId>
          <EndToEndId>PREG1234567815011007:15:00-0100003</EndToEndId>
        </PmtId>
        <InstdAmt Ccy="EUR">79.00</InstdAmt>
        <DrctDbtTx>
          <MndtRltdInf>
            <MndtId>000001101236</MndtId>
            <DtOfSgntr>2013-11-11</DtOfSgntr>
            <AmdmntInd>true</AmdmntInd>
            <AmdmntInfDtls>
              <OrgnlDbtrAcct>
                <Id>
                  <IBAN>ES8421000000661234567890</IBAN>
                </Id>
              </OrgnlDbtrAcct>
            </AmdmntInfDtls>
          </MndtRltdInf>
        </DrctDbtTx>
        <DbtrAgt>
          <FinInstnId>
            <BIC>CAIXESBBXXX</BIC>
          </FinInstnId>
        </DbtrAgt>
        <Dbtr>
          <Nm>Rodrigo Rodríguez Rodríguez</Nm>
        </Dbtr>
        <DbtrAcct>
          <Id>
            <IBAN>ES1921004444502222222222</IBAN>
          </Id>
        </DbtrAcct>
        <RmtInf>
          <Ustrd>Cuota Social Noviembre 2014 --- 79,00</Ustrd>
        </RmtInf>
      </DrctDbtTxInf>
    </PmtInf>
    <PmtInf>
      <PmtInfId>PREG1234567815011007:15:00-02</PmtInfId>
      <PmtMtd>DD</PmtMtd>
      <NbOfTxs>1</NbOfTxs>
      <CtrlSum>79.50</CtrlSum>
      <PmtTpInf>
        <SvcLvl>
          <Cd>SEPA</Cd>
        </SvcLvl>
        <LclInstrm>
          <Cd>CORE</Cd>
        </LclInstrm>
        <SeqTp>FRST</SeqTp>
        <CtgyPurp>
          <Cd>TRAD</Cd>
        </CtgyPurp>
      </PmtTpInf>
      <ReqdColltnDt>2015-01-15</ReqdColltnDt>
      <Cdtr>
        <Nm>NOMBRE ACREEDOR PRUEBAS</Nm>
      </Cdtr>
      <CdtrAcct>
        <Id>
          <IBAN>ES5621001111301111111111</IBAN>
        </Id>
      </CdtrAcct>
      <CdtrAgt>
        <FinInstnId>
          <BIC>CAIXESBBXXX</BIC>
        </FinInstnId>
      </CdtrAgt>
      <ChrgBr>SLEV</ChrgBr>
      <CdtrSchmeId>
        <Id>
          <PrvtId>
            <Othr>
              <Id>ES26011G12345678</Id>
              <SchmeNm>
                <Prtry>SEPA</Prtry>
              </SchmeNm>
            </Othr>
          </PrvtId>
        </Id>
      </CdtrSchmeId>
      <DrctDbtTxInf>
        <PmtId>
          <InstrId>PREG1234567815011007:15:00-0200001</InstrId>
          <EndToEndId>PREG1234567815011007:15:00-0200001</EndToEndId>
        </PmtId>
        <InstdAmt Ccy="EUR">79.50</InstdAmt>
        <DrctDbtTx>
          <MndtRltdInf>
            <MndtId>000001101237</MndtId>
            <DtOfSgntr>2013-11-11</DtOfSgntr>
            <AmdmntInd>true</AmdmntInd>
            <AmdmntInfDtls>
              <OrgnlDbtrAgt>
                <FinInstnId>
                  <Othr>
                    <Id>SMNDA</Id>
                  </Othr>
                </FinInstnId>
              </OrgnlDbtrAgt>
            </AmdmntInfDtls>
          </MndtRltdInf>
        </DrctDbtTx>
        <DbtrAgt>
          <FinInstnId>
            <BIC>CAHMESBBXXX</BIC>
          </FinInstnId>
        </DbtrAgt>
        <Dbtr>
          <Nm>Domingo Domínguez Domínguez</Nm>
        </Dbtr>
        <DbtrAcct>
          <Id>
            <IBAN>ES5720385555302222222222</IBAN>
          </Id>
        </DbtrAcct>
        <RmtInf>
          <Ustrd>Cuota Social Noviembre 2014 --- 79,50</Ustrd>
        </RmtInf>
      </DrctDbtTxInf>
    </PmtInf>
  </CstmrDrctDbtInitn>
</Document>